<record><leader>00561nam a22001811a 4500</leader><controlfield tag="001">007044063</controlfield><controlfield tag="003">MiAaHDL</controlfield><controlfield tag="005">20090518000000.0</controlfield><controlfield tag="006">m        d        </controlfield><controlfield tag="007">cr bn ---auaua</controlfield><controlfield tag="008">920612t        xx            000 0 eng d</controlfield><datafield tag="035" ind1=" " ind2=" "><subfield code="a">sdr-pst.a1669669</subfield></datafield><datafield tag="035" ind1=" " ind2=" "><subfield code="a">(OCoLC)82292905</subfield></datafield><datafield tag="035" ind1=" " ind2=" "><subfield code="a">LIAS1636499</subfield></datafield><datafield tag="040" ind1=" " ind2=" "><subfield code="a">PSt</subfield><subfield code="c">PSt</subfield><subfield code="d">WaOLN</subfield></datafield><datafield tag="245" ind1="0" ind2="0"><subfield code="a">Pennsylvania steam/condensate systems manual, June 1991.</subfield></datafield><datafield tag="250" ind1=" " ind2=" "><subfield code="a">2nd ed.</subfield></datafield><datafield tag="260" ind1=" " ind2=" "><subfield code="a">[S.l.] :</subfield><subfield code="b">Pennsylvania Energy Office,</subfield><subfield code="c">1991, c1989.</subfield></datafield><datafield tag="300" ind1=" " ind2=" "><subfield code="a">124 p. :</subfield><subfield code="b">ill. ;</subfield><subfield code="c">28 cm.</subfield></datafield><datafield tag="538" ind1=" " ind2=" "><subfield code="a">Mode of access: Internet.</subfield></datafield><datafield tag="650" ind1=" " ind2="0"><subfield code="a">Steam-boilers</subfield><subfield code="v">Handbooks, manuals, etc.</subfield></datafield><datafield tag="710" ind1="2" ind2=" "><subfield code="a">Pennsylvania Energy Office.</subfield></datafield><datafield tag="CID" ind1=" " ind2=" "><subfield code="a">007044063</subfield></datafield><datafield tag="DAT" ind1="0" ind2=" "><subfield code="b">20090518000000.0</subfield></datafield><datafield tag="DAT" ind1="1" ind2=" "><subfield code="a">20120815054554.0</subfield><subfield code="b">2020-03-23T18:15:50Z</subfield></datafield><datafield tag="DAT" ind1="2" ind2=" "><subfield code="a">2020-03-23T17:30:01Z</subfield></datafield><datafield tag="CAT" ind1=" " ind2=" "><subfield code="a">SDR-PST</subfield><subfield code="d">UNKNOWN</subfield><subfield code="l">loader.pl-001-001</subfield></datafield><datafield tag="FMT" ind1=" " ind2=" "><subfield code="a">BK</subfield></datafield><datafield tag="HOL" ind1=" " ind2=" "><subfield code="0">sdr-pst.a1669669</subfield><subfield code="a">pst</subfield><subfield code="b">SDR</subfield><subfield code="c">PST</subfield><subfield code="p">pst.000021158902</subfield><subfield code="s">PST</subfield><subfield code="1">a1669669</subfield></datafield><datafield tag="974" ind1=" " ind2=" "><subfield code="b">PST</subfield><subfield code="c">PST</subfield><subfield code="d">20200323</subfield><subfield code="s">google</subfield><subfield code="u">pst.000021158902</subfield><subfield code="r">und</subfield><subfield code="q">bib</subfield><subfield code="t">date type t--no date1</subfield></datafield></record>